@misc{codingame,
  author = {CodingGame Devs},
  title = {{CodinGame Web Site}},
  howpublished = "\url{(http://www.codingame.com)}",
  year = {2019}, 
  note = "[Online; accessed 22-Feb-2019]"
}